@BOOK{treiber_kesting_2013,
PLACE="Heidelberg",
TITLE="Traffic Flow Dynamics: Data, Models and Simulation",
PUBLISHER="Springer",
AUTHOR="Treiber, Martin and Kesting, Arne",
YEAR="2013"}

@BOOK{microscopic_modelling,
AUTHOR="Mathew, Rao",
TITLE="Introduction to Transportation Engineering",
PUBLISHER="NPTEL",
YEAR="2007",
}

@article{intelligent_driver_model,
	AUTHOR="Malinauskas, Rachel",
	title = "The Intelligent Driver Model: Analysis and Application to Adaptive Cruise Control",
	journal = "All Theses",
	year = "2014",
	volume = "Paper 1934"
}